3400 4400
110 120 3180 40 Wednesday, September 13, 2023 Newsletter by Jacqueline Zhou and Michelle Miao ** Head coach of wrestling Chris Ayres is heading to Stanford Ayres coaching Patrick Glory ‘23 during the 2023 NCAA Wrestling Championships in Tulsa, Oklahoma. Photo courtesy of Good morning! After 17 years at the helm of Princeton wrestling, head coach Chris Ayres is heading west to lead the Stanford wrestling program as its new head coach. During his tenure at Princeton, Ayres has produced All-Ivy wrestlers, All-Americans, and a National Champion, and in 2020 notably led Princeton to its first Ivy League title since 1986. In 2023, Princeton placed 13th at the NCAA Championships, the highest finish in program history. Ayres joins a Stanford program that has undergone challenges in recent years. In the summer of 2020, Stanford announced that its wrestling and 10 other sports programs would be cut after the due to financial challenges caused by COVID-19. However, the momentum generated by Stanford wrestler Shane Griffith’s victory at the 2021 NCAA 165-pound championship created enough support to retain the wrestling program. Ayres, credited by many as the man who put Princeton wrestling on the map, hopes to take the Stanford program to new heights. “I am ready for a new challenge,” Ayres said, stating that his experience at Princeton has “uniquely prepared” him to elevate the Stanford program. &quot;Stanford is historically the best athletics department in the country, consistently winning the most national titles of any school in the country, and there is absolutely no reason the wrestling program can't do the same,&quot; he added. Analysis by Michelle Miao ** Today's Briefing: SPIA purchases new space in Washington D.C., providing venue for Princeton in Washington program: Princeton’s School of Public and International Affairs (SPIA) purchased an office space in Washington D.C. last spring (, marking “the first time in the University’s history that its policy and international affairs school has had a dedicated, physical presence in the nation’s capital.” The new space, located in the Dupont Circle neighborhood, provided a venue for Princeton in Washington PIW), which connects students and alumni located in the D.C. area during the summer. Students who participated gave positive feedback about the program. “I found this to be incredibly rewarding because I felt like the alumni were highly invested in walking us through their career decisions and passed down a lot of advice on how to get by in D.C.,” said Braiden Aaronson ’25. OPINION | Reactions: What should a Princeton education prepare us to do? In the face of comparing alumni outcomes with the school’s motto of service, various Opinion columnists shared their thoughts on how they believe a Princeton education prepares them for their ambitions in the world. Siyeon Lee ‘27 argued that “every Princeton graduate should share one universal aim: to use the privilege associated with this degree to make similar opportunities available to a larger group of people.” Meanwhile, Anna Ferris ‘26 shares the insight that &quot;a Princeton education ought to teach us that service and success are not mutually exclusive, and that there is no one right way to go about achieving both of these goals.” Alex Norbook ‘26 emphasized incorporating morality into career development and Ashley Olenkiewicz ‘25 wrote to encourage alumni to think about their work’s impact on broader society ** At your leisure * SPORTS: This Week in Princeton Athletics * PODCAST: Listen to the latest episode of Daybreak, The Daily Princetonian’s daily news podcast. If you have any feedback or concerns about today’s newsletter, please email managingeditor@dailyprincetonian.com Today’s newsletter was copy edited by ___. Thank you. ** Twitter ** Facebook ** YouTube ** Instagram ** Email ** Spotify **
